<?xml version="1.0" encoding="UTF-8"?><collection xmlns="http://www.loc.gov/MARC21/slim"><record><leader>00408nam--2200121-i-4500</leader><controlfield tag="001">000001930</controlfield><controlfield tag="002">20161230</controlfield><controlfield tag="005">20161230201024</controlfield><controlfield tag="008">060222s1000------------r-----000-0-eng-d</controlfield><datafield ind1=" " ind2=" " tag="100"><subfield code="a">Glasstone, Samuel</subfield></datafield><datafield ind1=" " ind2=" " tag="245"><subfield code="a">Theoretical chemistry.an introduction to quantum mechanics, statistical mechanics and molecular spectra for chemists</subfield></datafield><datafield ind1=" " ind2=" " tag="260"><subfield code="a">New York, D.Van Nostrand Co, Inc,. 1961. Viii + 515 P</subfield></datafield><datafield ind1=" " ind2=" " tag="852"><subfield code="a">16464</subfield></datafield></record></collection>